@inproceedings{DBLP:conf/icalp/EtessamiWY08,
  author    = {Etessami, K. and
               Wojtczak, D. and
               Yannakakis, M.},
  title     = {Recursive Stochastic Games with Positive Rewards},
  booktitle = {ICALP (1)},
  year      = {2008},
  pages     = {711-723},
  ee        = {http://dx.doi.org/10.1007/978-3-540-70575-8_58},
  crossref  = {DBLP:conf/icalp/2008-1},
  bibsource = {DBLP, http://dblp.uni-trier.de}
}
@proceedings{DBLP:conf/icalp/2008-1,
  editor    = {Aceto, L. and
               Damg{\aa}rd, I. and
               Goldberg, L.A. and
               Halld{\'o}rsson, M.M. and
               Ing{\'o}lfsd{\'o}ttir, A. and
               Walukiewicz, I.},
  title     = {Automata, Languages and Programming, 35th International
               Colloquium, ICALP 2008, Reykjavik, Iceland, July 7-11, 2008,
               Proceedings, Part I: Tack A: Algorithms, Automata, Complexity,
               and Games},
  booktitle = {ICALP (1)},
  publisher = {Springer},
  series    = {Lecture Notes in Computer Science},
  volume    = {5125},
  year      = {2008},
  isbn      = {978-3-540-70574-1},
  bibsource = {DBLP, http://dblp.uni-trier.de}
}

@book{Durbin98,
  author = "Durbin, R. and Eddy, S. and Krogh, A. and Mitchison, G.",
  title = "Biological Sequence Analysis: Probabilistic Models of Proteins and Nucleic Acids",
  publisher = "Cambridge University Press",
  address = "Cambridge, UK",
  year = 1998
}


@Misc{Ashtadhyayi,
  author = 	 {P\={a}\d{n}ini},
  title = 	 {{\em Ashtadhyayi}},
  year = {4th Century B.C.E.},
  note = 	 {{\tt http://en.wikipedia.org/wiki/Ashtadhyayi}}
}

@book{luhtala2005grammar,
  title={Grammar and Philosophy in Late Antiquity: A Study of Priscian's Sources},
  author={Luhtala, A.},
  isbn={9789027245984},
  lccn={2004062252},
  series={Amsterdam Studies in the Theory and History of Linguistic Science},
  url={http://books.google.com/books?id=voBgd7XsNL8C},
  year={2005},
  publisher={John Benjamins Pub.}
}

@Misc{AcademieFrancaise,
  author = 	 {Acad\'{e}mie Fran\c{c}aise},
  title = 	 {{\em L'histoire}},
  year = {2013},
  note = 	 {{\tt http://www.academie-francaise.fr/linstitution/lhistoire}}
}

@book{RobertLowth,
  title={A Short Introduction to English Grammar: With Critical Notes},
  author={Lowth, R.},
  url={http://books.google.com/books?id=xYcSAAAAIAAJ},
  year={1794},
  publisher={J.J. Tourneisin}
}

@book{aho2007compilers,
  title={Compilers: Principles, Techniques, and Tools},
  author={Aho, A.V. and Lam, M.S. and Sethi, R. and Ullman, J.},
  isbn={9780321491695},
  lccn={2006024333},
  url={http://books.google.com/books?id=RheqQgAACAAJ},
  year={2007},
  publisher={Addison-Wesley Educational Publishers, Incorporated}
}

@book{LSystems,
  title={The Mathematical Theory of L Systems},
  author={Rozenberg, G. and Salomaa, A.},
  isbn={9780080874067},
  series={Pure and Applied Mathematics},
  url={http://books.google.com/books?id=0rr0BJxDKSwC},
  year={1980},
  publisher={Elsevier Science}
}

@book{berne1973games,
  title={Games People Play: The Psychology of Human Relationships},
  author={Berne, E.},
  isbn={9780141938363},
  url={http://books.google.com/books?id=svWV8-wpStgC},
  year={1973},
  publisher={Penguin Books Limited}
}

@book{berne1973you,
  title={What Do You Say After You Say Hello?},
  author={Berne, E.},
  isbn={9780553250237},
  series={A Bantam book},
  url={http://books.google.com/books?id=-E0HAQAACAAJ},
  year={1973},
  publisher={Bantam Books}
}

@Misc{Markdown,
  author = 	 {Gruber, J.},
  title = 	 {{\em Markdown}},
  note = 	 {{\tt http://daringfireball.net/projects/markdown/}}
}

@article{Stolcke:1995:EPC:211190.211197,
 author = {Stolcke, A.},
 title = {An Efficient Probabilistic Context-free Parsing Algorithm That Computes Prefix Probabilities},
 journal = {Comput. Linguist.},
 issue_date = {June 1995},
 volume = {21},
 number = {2},
 month = jun,
 year = {1995},
 issn = {0891-2017},
 pages = {165--201},
 numpages = {37},
 url = {http://dl.acm.org/citation.cfm?id=211190.211197},
 acmid = {211197},
 publisher = {MIT Press},
 address = {Cambridge, MA, USA},
} 


@Misc{ChoiceScript,
  author = 	 {Fabulich, D.},
  title = 	 {{\em Introduction to ChoiceScript}},
  note = 	 {{\tt http://www.choiceofgames.com/}}
}

@Misc{Twine,
  author = 	 {Klimas, C.},
  title = 	 {{\em Twine: an Open-Source Tool for Telling Interactive, Nonlinear Stories.}},
  note = 	 {{\tt http://twinery.org/}}
}

@book{jackson1982warlock,
  title={The Warlock of Firetop Mountain},
  author={Jackson, S. and Livingstone, I. and Nicholson, R.},
  isbn={9780140315387},
  lccn={gb82040671},
  series={Fighting Fantasy gamebooks},
  url={http://books.google.com/books?id=7wi\_QgAACAAJ},
  year={1982},
  publisher={Puffin Books}
}

@book{packard1982cave,
  title={The Cave of Time},
  author={Packard, E.},
  isbn={9780553269659},
  series={Choose Your Own Adventure},
  url={http://books.google.com/books?id=66amAAAACAAJ},
  year={1982},
  publisher={Random House}
}

@Misc{Inklewriter,
  author = 	 {Ingold, J.},
  title = 	 {{\em Inklewriter}},
  note = 	 {http://www.inklestudios.com/inklewriter}
}

